<record><leader>00000cas a2200000 a 4500</leader><controlfield tag="001">16619555</controlfield><controlfield tag="008">870831d18641923ohuwr ne      0    0eng c</controlfield><datafield ind1=" " ind2=" " tag="010"><subfield code="a">sn 87076600 </subfield></datafield><datafield ind1=" " ind2=" " tag="040"><subfield code="a">ONP</subfield><subfield code="b">eng</subfield><subfield code="c">ONP</subfield><subfield code="d">NVF</subfield><subfield code="d">OCLCQ</subfield><subfield code="d">OCLCF</subfield><subfield code="d">OCLCO</subfield></datafield><datafield ind1="1" ind2=" " tag="029"><subfield code="a">AU@</subfield><subfield code="b">000020659266</subfield></datafield><datafield ind1=" " ind2=" " tag="042"><subfield code="a">pcc</subfield></datafield><datafield ind1=" " ind2=" " tag="043"><subfield code="a">n-us-oh</subfield></datafield><datafield ind1="0" ind2=" " tag="130"><subfield code="a">Bucyrus journal (Bucyrus, Ohio : 1864)</subfield></datafield><datafield ind1="1" ind2="0" tag="245"><subfield code="a">Bucyrus journal.</subfield></datafield><datafield ind1=" " ind2=" " tag="260"><subfield code="a">Bucyrus, Crawford Co., O. [Ohio] :</subfield><subfield code="b">J.G. Robinson &amp; Ralph Robinson,</subfield><subfield code="c">1864-1923.</subfield></datafield><datafield ind1=" " ind2=" " tag="310"><subfield code="a">Weekly</subfield></datafield><datafield ind1="0" ind2=" " tag="362"><subfield code="a">Vol. 12, no. 9 (Feb. 26, 1864)-v. 70, no. 123 (May 18, 1923).</subfield></datafield><datafield ind1=" " ind2=" " tag="580"><subfield code="a">Merged with: Bucyrus evening telegraph, and: Daily forum (Bucyrus, Ohio), and: News-forum (Bucyrus, Ohio), to form: Telegraph forum (Bucyrus, Ohio : 1923).</subfield></datafield><datafield ind1=" " ind2="0" tag="651"><subfield code="a">Bucyrus (Ohio)</subfield><subfield code="v">Newspapers.</subfield></datafield><datafield ind1=" " ind2="7" tag="655"><subfield code="a">Newspapers.</subfield><subfield code="2">fast</subfield><subfield code="0">(OCoLC)fst01423814</subfield></datafield><datafield ind1=" " ind2="7" tag="651"><subfield code="a">Ohio</subfield><subfield code="z">Bucyrus.</subfield><subfield code="2">fast</subfield><subfield code="0">(OCoLC)fst01222374</subfield></datafield><datafield ind1=" " ind2=" " tag="752"><subfield code="a">United States</subfield><subfield code="b">Ohio</subfield><subfield code="c">Crawford</subfield><subfield code="d">Bucyrus.</subfield></datafield><datafield ind1="0" ind2="0" tag="780"><subfield code="t">Bucyrus weekly journal (Bucyrus, Ohio : 1858)</subfield><subfield code="w">(DLC)sn 85042218</subfield></datafield><datafield ind1="1" ind2="7" tag="785"><subfield code="t">Bucyrus evening telegraph</subfield><subfield code="w">(DLC)sn 87076601</subfield></datafield><datafield ind1="1" ind2="7" tag="785"><subfield code="t">Daily forum (Bucyrus, Ohio)</subfield><subfield code="w">(DLC)sn 87076603</subfield></datafield><datafield ind1="1" ind2="7" tag="785"><subfield code="t">News-forum (Bucyrus, Ohio)</subfield><subfield code="w">(DLC)sn 87076604</subfield></datafield><datafield ind1="1" ind2="7" tag="785"><subfield code="t">Telegraph-forum (Bucyrus, Ohio : 1923)</subfield><subfield code="w">(DLC)sn 83035560</subfield></datafield></record>